
@article{pang2008opinion,
  title={Opinion mining and sentiment analysis},
  author={Pang, Bo and Lee, Lillian},
  journal={Foundations and trends in information retrieval},
  volume={2},
  number={1-2},
  pages={1--135},
  year={2008},
  publisher={Now Publishers Inc.}
}

@inproceedings{barbosa2010robust,
  title={Robust sentiment detection on twitter from biased and noisy data},
  author={Barbosa, Luciano and Feng, Junlan},
  booktitle={Proceedings of the 23rd International Conference on Computational Linguistics: Posters},
  pages={36--44},
  year={2010},
  organization={Association for Computational Linguistics}
}

@inproceedings{pang2002thumbs,
  title={Thumbs up?: sentiment classification using machine learning techniques},
  author={Pang, Bo and Lee, Lillian and Vaithyanathan, Shivakumar},
  booktitle={Proceedings of the ACL-02 conference on Empirical methods in natural language processing-Volume 10},
  pages={79--86},
  year={2002},
  organization={Association for Computational Linguistics}
}

@article{kouloumpis2011twitter,
  title={Twitter sentiment analysis: The good the bad and the omg!},
  author={Kouloumpis, Efthymios and Wilson, Theresa and Moore, Johanna D},
  journal={Icwsm},
  volume={11},
  pages={538--541},
  year={2011}
}

@article{liu2010sentiment,
  title={Sentiment Analysis and Subjectivity.},
  author={Liu, Bing},
  journal={Handbook of natural language processing},
  volume={2},
  pages={627--666},
  year={2010}
}

@misc{stat2018,
  author = {Statista},
  title = {{number-of-worldwide-social-network-users}},
  howpublished = "\url{http://www.statista.com/statistics/278414/number-of-worldwide-social-network-users/}",
  year = {2016}, 
  note = "[Online; accessed 21-March-2016]"
}

@misc{statTwit2016,
  author = {Statista},
  title = {{Leading social networks worldwide as of January 2016, ranked by number of active users.}},
  howpublished = "\url{http://www.statista.com/statistics/272014/global-social-networks-ranked-by-number-of-users/}",
  year = {2016}, 
  note = "[Online; accessed 21-March-2016]"
}

@misc{kenny2014graph,
  author = {Kenny Bastani},
  title = {{twitter-graph}},
  howpublished = "\url{http://neo4j.com/blog/oscon-twitter-graph/}",
  year = {2014}, 
  note = "[Online; accessed 21-March-2016]"
}


@inproceedings{jiang2011target,
  title={Target-dependent twitter sentiment classification},
  author={Jiang, Long and Yu, Mo and Zhou, Ming and Liu, Xiaohua and Zhao, Tiejun},
  booktitle={Proceedings of the 49th Annual Meeting of the Association for Computational Linguistics: Human Language Technologies-Volume 1},
  pages={151--160},
  year={2011},
  organization={Association for Computational Linguistics}
}

@article{kietzmann2011social,
  title={Social media? Get serious! Understanding the functional building blocks of social media},
  author={Kietzmann, Jan H and Hermkens, Kristopher and McCarthy, Ian P and Silvestre, Bruno S},
  journal={Business horizons},
  volume={54},
  number={3},
  pages={241--251},
  year={2011},
  publisher={Elsevier}
}

@article{evans2008social,
  title={Social marketing campaigns and children's media use},
  author={Evans, W Douglas},
  journal={The Future of Children},
  volume={18},
  number={1},
  pages={181--203},
  year={2008},
  publisher={Princeton University}
}

@article{liu2012sentiment,
  title={Sentiment analysis and opinion mining},
  author={Liu, Bing},
  journal={Synthesis lectures on human language technologies},
  volume={5},
  number={1},
  pages={1--167},
  year={2012},
  publisher={Morgan \& Claypool Publishers}
}

@inproceedings{kwak2010twitter,
  title={What is Twitter, a social network or a news media?},
  author={Kwak, Haewoon and Lee, Changhyun and Park, Hosung and Moon, Sue},
  booktitle={Proceedings of the 19th international conference on World wide web},
  pages={591--600},
  year={2010},
  organization={ACM}
}

@inproceedings{turney2002thumbs,
  title={Thumbs up or thumbs down?: semantic orientation applied to unsupervised classification of reviews},
  author={Turney, Peter D},
  booktitle={Proceedings of the 40th annual meeting on association for computational linguistics},
  pages={417--424},
  year={2002},
  organization={Association for Computational Linguistics}
}

@inproceedings{esuli2006sentiwordnet,
  title={Sentiwordnet: A publicly available lexical resource for opinion mining},
  author={Esuli, Andrea and Sebastiani, Fabrizio},
  booktitle={Proceedings of LREC},
  volume={6},
  pages={417--422},
  year={2006},
  organization={Citeseer}
}

@misc{imm2011,
  author = {Kenny Bastani},
  title = {{AFINN}},
  howpublished = "\url{http://www2.imm.dtu.dk/pubdb/p.php?6010}",
  year = {2011}, 
  note = "[word list, sentiment analysis, opinion mining, text mining]"
}

@misc{word2016,
  author = {Princeton University},
  title = {{WordNet}},
  howpublished = "\url{https://wordnet.princeton.edu/}",
  year = {2016}, 
  note = "[Lexical database of English]"
}

@article{go2009twitter,
  title={Twitter sentiment classification using distant supervision},
  author={Go, Alec and Bhayani, Richa and Huang, Lei},
  journal={CS224N Project Report, Stanford},
  volume={1},
  pages={12},
  year={2009}
}

@article{cambria2013new,
  title={New avenues in opinion mining and sentiment analysis},
  author={Cambria, Erik and Schuller, Bjorn and Xia, Yunqing and Havasi, Catherine},
  journal={IEEE Intelligent Systems},
  number={2},
  pages={15--21},
  year={2013},
  publisher={IEEE}
}

@article{nadeau2007survey,
  title={A survey of named entity recognition and classification},
  author={Nadeau, David and Sekine, Satoshi},
  journal={Lingvisticae Investigationes},
  volume={30},
  number={1},
  pages={3--26},
  year={2007},
  publisher={John Benjamins publishing company}
}

@inproceedings{nasukawa2003sentiment,
  title={Sentiment analysis: Capturing favorability using natural language processing},
  author={Nasukawa, Tetsuya and Yi, Jeonghee},
  booktitle={Proceedings of the 2nd international conference on Knowledge capture},
  pages={70--77},
  year={2003},
  organization={ACM}
}

@inproceedings{wiebe1999development,
  title={Development and use of a gold-standard data set for subjectivity classifications},
  author={Wiebe, Janyce M and Bruce, Rebecca F and O'Hara, Thomas P},
  booktitle={Proceedings of the 37th annual meeting of the Association for Computational Linguistics on Computational Linguistics},
  pages={246--253},
  year={1999},
  organization={Association for Computational Linguistics}
}

@inproceedings{das2001yahoo,
  title={Yahoo! for Amazon: Extracting market sentiment from stock message boards},
  author={Das, Sanjiv and Chen, Mike},
  booktitle={Proceedings of the Asia Pacific finance association annual conference (APFA)},
  volume={35},
  pages={43},
  year={2001},
  organization={Bangkok, Thailand}
}

@inproceedings{tong2001operational,
  title={An operational system for detecting and tracking opinions in on-line discussion},
  author={Tong, Richard M},
  booktitle={Working Notes of the ACM SIGIR 2001 Workshop on Operational Text Classification},
  volume={1},
  pages={6},
  year={2001}
}

@inproceedings{pak2010twitter,
  title={Twitter as a Corpus for Sentiment Analysis and Opinion Mining.},
  author={Pak, Alexander and Paroubek, Patrick},
  booktitle={LREc},
  volume={10},
  pages={1320--1326},
  year={2010}
}

@article{paltoglou2012twitter,
  title={Twitter, MySpace, Digg: Unsupervised sentiment analysis in social media},
  author={Paltoglou, Georgios and Thelwall, Mike},
  journal={ACM Transactions on Intelligent Systems and Technology (TIST)},
  volume={3},
  number={4},
  pages={66},
  year={2012},
  publisher={ACM}
}

@InProceedings{MohammadKZ2013,
  author    = {Mohammad, Saif M. and Kiritchenko, Svetlana and Zhu, Xiaodan},
  title     = {NRC-Canada: Building the State-of-the-Art in Sentiment Analysis of Tweets},
  booktitle = {Proceedings of the seventh international workshop on Semantic Evaluation Exercises (SemEval-2013)},
  month     = {June},
  year      = {2013},
  address   = {Atlanta, Georgia, USA}
}

@inproceedings{ding2008holistic,
  title={A holistic lexicon-based approach to opinion mining},
  author={Ding, Xiaowen and Liu, Bing and Yu, Philip S},
  booktitle={Proceedings of the 2008 International Conference on Web Search and Data Mining},
  pages={231--240},
  year={2008},
  organization={ACM}
}

@article{thet2010aspect,
  title={Aspect-based sentiment analysis of movie reviews on discussion boards},
  author={Thet, Tun Thura and Na, Jin-Cheon and Khoo, Christopher SG},
  journal={Journal of Information Science},
  pages={0165551510388123},
  year={2010},
  publisher={Sage Publications}
}

@inproceedings{mendes2011dbpedia,
  title={DBpedia spotlight: shedding light on the web of documents},
  author={Mendes, Pablo N and Jakob, Max and Garc{\'\i}a-Silva, Andr{\'e}s and Bizer, Christian},
  booktitle={Proceedings of the 7th International Conference on Semantic Systems},
  pages={1--8},
  year={2011},
  organization={ACM}
}

@inproceedings{gimpel2011part,
  title={Part-of-speech tagging for twitter: Annotation, features, and experiments},
  author={Gimpel, Kevin and Schneider, Nathan and O'Connor, Brendan and Das, Dipanjan and Mills, Daniel and Eisenstein, Jacob and Heilman, Michael and Yogatama, Dani and Flanigan, Jeffrey and Smith, Noah A},
  booktitle={Proceedings of the 49th Annual Meeting of the Association for Computational Linguistics: Human Language Technologies: short papers-Volume 2},
  pages={42--47},
  year={2011},
  organization={Association for Computational Linguistics}
}

@book{manning2008introduction,
  title={Introduction to information retrieval},
  author={Manning, Christopher D and Raghavan, Prabhakar and Sch{\"u}tze, Hinrich and others},
  volume={1},
  number={1},
  year={2008},
  publisher={Cambridge university press Cambridge}
}

@article{danklinked,
  title={Linked Data-based Social Media Analysis for Stock Market Tracking},
  author={Dank, Priyanka and Scerri, Simon and Khalili, Ali}
}

@inproceedings{hu2004mining,
  title={Mining and summarizing customer reviews},
  author={Hu, Minqing and Liu, Bing},
  booktitle={Proceedings of the tenth ACM SIGKDD international conference on Knowledge discovery and data mining},
  pages={168--177},
  year={2004},
  organization={ACM}
}

@inproceedings{liu2005opinion,
  title={Opinion observer: analyzing and comparing opinions on the web},
  author={Liu, Bing and Hu, Minqing and Cheng, Junsheng},
  booktitle={Proceedings of the 14th international conference on World Wide Web},
  pages={342--351},
  year={2005},
  organization={ACM}
}

@article{nielsen2011new,
  title={A new ANEW: Evaluation of a word list for sentiment analysis in microblogs},
  author={Nielsen, Finn {\AA}rup},
  journal={arXiv preprint arXiv:1103.2903},
  year={2011}
}

@inproceedings{wilson2005recognizing,
  title={Recognizing contextual polarity in phrase-level sentiment analysis},
  author={Wilson, Theresa and Wiebe, Janyce and Hoffmann, Paul},
  booktitle={Proceedings of the conference on human language technology and empirical methods in natural language processing},
  pages={347--354},
  year={2005},
  organization={Association for Computational Linguistics}
}

@article{NRCJAIR14,
  author = {Svetlana Kiritchenko, Xiaodan Zhu, and Saif M. Mohammad},
  urnal = {Journal of Artificial Intelligence Research (JAIR)},
  title = {Sentiment Analysis of Short Informal Texts},
  volume = {50},
  pages = {723-762},
  date = {2014}
}

@book{joachims1998text,
  title={Text categorization with support vector machines: Learning with many relevant features},
  author={Joachims, Thorsten},
  year={1998},
  publisher={Springer}
}

@article{chang2011libsvm,
  title={LIBSVM: a library for support vector machines},
  author={Chang, Chih-Chung and Lin, Chih-Jen},
  journal={ACM Transactions on Intelligent Systems and Technology (TIST)},
  volume={2},
  number={3},
  pages={27},
  year={2011},
  publisher={ACM}
}

@article{platt1998sequential,
  title={Sequential minimal optimization: A fast algorithm for training support vector machines},
  author={Platt, John and others},
  year={1998},
  publisher={technical report msr-tr-98-14, Microsoft Research}
}

@article{kiritchenko2014sentiment,
  title={Sentiment analysis of short informal texts},
  author={Kiritchenko, Svetlana and Zhu, Xiaodan and Mohammad, Saif M},
  journal={Journal of Artificial Intelligence Research},
  pages={723--762},
  year={2014}
}

@article{rosenthal2015semeval,
  title={Semeval-2015 task 10: Sentiment analysis in twitter},
  author={Rosenthal, Sara and Nakov, Preslav and Kiritchenko, Svetlana and Mohammad, Saif M and Ritter, Alan and Stoyanov, Veselin},
  journal={Proceedings of SemEval-2015},
  year={2015}
}

@article{saif2013evaluation,
  title={Evaluation datasets for Twitter sentiment analysis: a survey and a new dataset, the STS-Gold},
  author={Saif, Hassan and Fernandez, Miriam and He, Yulan and Alani, Harith},
  year={2013}
}

@book{witten2005data,
  title={Data Mining: Practical machine learning tools and techniques},
  author={Witten, Ian H and Frank, Eibe},
  year={2005},
  publisher={Morgan Kaufmann}
}